@article{knuth84,
  author = {Knuth, Donald E.},
  title = {Literate Programming},
  year = {1984},
  issue_date = {May 1984},
  publisher = {Oxford University Press, Inc.},
  address = {USA},
  volume = {27},
  number = {2},
  issn = {0010-4620},
  url = {https://doi.org/10.1093/comjnl/27.2.97},
  doi = {10.1093/comjnl/27.2.97},
  journal = {Comput. J.},
  month = may,
  pages = {97â€“111},
  numpages = {15}
}

@MANUAL{R_Development_Core_Team2020-sj,
  title    = "An Introduction to {R}",
  author   = "{R Development Core Team}",
  abstract = "An Introduction to R",
  month    =  apr,
  year     =  2020
}

@MISC{RStudio2020-fe,
  title        = "{RStudio}",
  booktitle    = "{RStudio}",
  author       = "{RStudio}",
  abstract     = "Take control of your R code",
  year         =  2020,
  howpublished = "\url{https://rstudio.com/products/rstudio/}",
  note         = "Accessed: 2020-5-15"
}


@MISC{RStudio2020-yx,
  title        = "{R} Markdown",
  booktitle    = "{RStudio}",
  author       = "{RStudio}",
  abstract     = "Turn your analyses into high quality documents, reports,
                  presentations and dashboards with R Markdown. Use a
                  productive notebook interface to weave together narrative
                  text and code to produce elegantly formatted output. Use
                  multiple languages including R, Python, and SQL. R Markdown
                  supports a reproducible workflow for dozens of static and
                  dynamic output formats including HTML, PDF, MS Word, Beamer,
                  HTML5 slides, Tufte-style handouts, books, dashboards, shiny
                  applications, scientific articles, websites, and more.",
  year         =  2020,
  howpublished = "\url{https://rmarkdown.rstudio.com/}",
  note         = "Accessed: 2020-5-17"
}
